<record><leader>00000cas a22000007i 4500</leader><controlfield tag="001">28536016</controlfield><controlfield tag="008">930729d187u18uuncumr pe      0    0eng c</controlfield><datafield ind1=" " ind2=" " tag="010"><subfield code="a">sn 93065643 </subfield></datafield><datafield ind1=" " ind2=" " tag="040"><subfield code="a">NVJ</subfield><subfield code="b">eng</subfield><subfield code="e">rda</subfield><subfield code="c">NVJ</subfield><subfield code="d">OCLCQ</subfield><subfield code="d">NDD</subfield></datafield><datafield ind1=" " ind2=" " tag="042"><subfield code="a">msc</subfield></datafield><datafield ind1=" " ind2=" " tag="043"><subfield code="a">n-us-in</subfield></datafield><datafield ind1=" " ind2="4" tag="050"><subfield code="a">SB205.C64</subfield><subfield code="b">C56</subfield></datafield><datafield ind1="0" ind2=" " tag="130"><subfield code="a">Clover leaf (South Bend, Ind. : 1878)</subfield></datafield><datafield ind1="1" ind2="4" tag="245"><subfield code="a">The clover leaf.</subfield></datafield><datafield ind1=" " ind2="1" tag="264"><subfield code="a">South Bend, Ind. :</subfield><subfield code="b">Birdsell Manufacturing Company</subfield></datafield><datafield ind1=" " ind2=" " tag="300"><subfield code="a">volumes :</subfield><subfield code="b">illustrations (advertisements) ;</subfield><subfield code="c">54-59 cm</subfield></datafield><datafield ind1=" " ind2=" " tag="310"><subfield code="a">Monthly</subfield></datafield><datafield ind1=" " ind2=" " tag="336"><subfield code="a">text</subfield><subfield code="b">txt</subfield><subfield code="2">rdacontent</subfield></datafield><datafield ind1=" " ind2=" " tag="337"><subfield code="a">unmediated</subfield><subfield code="b">n</subfield><subfield code="2">rdamedia</subfield></datafield><datafield ind1=" " ind2=" " tag="338"><subfield code="a">volume</subfield><subfield code="b">nc</subfield><subfield code="2">rdacarrier</subfield></datafield><datafield ind1=" " ind2=" " tag="500"><subfield code="a">"Devoted to the culture of clover"--Masthead, May 1879.</subfield></datafield><datafield ind1=" " ind2=" " tag="588"><subfield code="a">Description based on: Volume 9, number 18 (May, 1878); title from masthead.</subfield></datafield><datafield ind1=" " ind2=" " tag="588"><subfield code="a">Latest issue consulted: Vol. 10, no. 20 (May 1879)</subfield></datafield><datafield ind1=" " ind2="0" tag="650"><subfield code="a">Clover</subfield><subfield code="v">Periodicals.</subfield></datafield><datafield ind1=" " ind2="0" tag="650"><subfield code="a">Clover</subfield><subfield code="x">Harvesting</subfield><subfield code="x">Equipment and supplies</subfield><subfield code="v">Periodicals.</subfield></datafield><datafield ind1="2" ind2=" " tag="710"><subfield code="a">Birdsell Manufacturing Co. (South Bend, Ind.),</subfield><subfield code="e">issuing body.</subfield></datafield><datafield ind1=" " ind2=" " tag="752"><subfield code="a">United States</subfield><subfield code="b">Indiana</subfield><subfield code="c">St. Joseph</subfield><subfield code="d">South Bend.</subfield></datafield></record>